@misc{ramesh2022hierarchical,
      title={Hierarchical Text-Conditional Image Generation with CLIP Latents}, 
      author={Aditya Ramesh and Prafulla Dhariwal and Alex Nichol and Casey Chu and Mark Chen},
      year={2022},
      eprint={2204.06125},
      archivePrefix={arXiv},
      primaryClass={cs.CV}
}
@misc{radford2021learning,
      title={Learning Transferable Visual Models From Natural Language Supervision}, 
      author={Alec Radford and Jong Wook Kim and Chris Hallacy and Aditya Ramesh and Gabriel Goh and Sandhini Agarwal and Girish Sastry and Amanda Askell and Pamela Mishkin and Jack Clark and Gretchen Krueger and Ilya Sutskever},
      year={2021},
      eprint={2103.00020},
      archivePrefix={arXiv},
      primaryClass={cs.CV}
}
@inproceedings{raganato-etal-2023-semeval,
    title = "{S}em{E}val-2023 Task 1: Visual Word Sense Disambiguation",
    author = "Raganato, Alessandro  and
      Calixto, Iacer  and
      Ushio, Asahi  and
      Camacho-Collados, Jose  and
      Pilehvar, Mohammad Taher",
    booktitle = "Proceedings of the The 17th International Workshop on Semantic Evaluation (SemEval-2023)",
    month = jul,
    year = "2023",
    address = "Toronto, Canada",
    publisher = "Association for Computational Linguistics",
    url = "https://aclanthology.org/2023.semeval-1.308",
    pages = "2227--2234",
    abstract = "This paper presents the Visual Word Sense Disambiguation (Visual-WSD) task.The objective of Visual-WSD is to identify among a set of ten images the one that corresponds to the intended meaning of a given ambiguous word which is accompanied with minimal context. The task provides datasets for three different languages: English, Italian, and Farsi.We received a total of 96 different submissions. Out of these, 40 systems outperformed a strong zero-shot CLIP-based baseline.Participating systems proposed different zero- and few-shot approaches, often involving generative models and data augmentation.More information can be found on the task{'}s website: {\textbackslash}url{https://raganato.github.io/vwsd/}.",
}

@misc{akkus2023multimodal,
      title={Multimodal Deep Learning}, 
      author={Cem Akkus and Luyang Chu and Vladana Djakovic and Steffen Jauch-Walser and Philipp Koch and Giacomo Loss and Christopher Marquardt and Marco Moldovan and Nadja Sauter and Maximilian Schneider and Rickmer Schulte and Karol Urbanczyk and Jann Goschenhofer and Christian Heumann and Rasmus Hvingelby and Daniel Schalk and Matthias AÃŸenmacher},
      year={2023},
      eprint={2301.04856},
      archivePrefix={arXiv},
      primaryClass={cs.CL}
}

@misc{mikolov2013efficient,
      title={Efficient Estimation of Word Representations in Vector Space}, 
      author={Tomas Mikolov and Kai Chen and Greg Corrado and Jeffrey Dean},
      year={2013},
      eprint={1301.3781},
      archivePrefix={arXiv},
      primaryClass={cs.CL}
}

@misc{bahdanau2016neural,
      title={Neural Machine Translation by Jointly Learning to Align and Translate}, 
      author={Dzmitry Bahdanau and Kyunghyun Cho and Yoshua Bengio},
      year={2016},
      eprint={1409.0473},
      archivePrefix={arXiv},
      primaryClass={cs.CL}
}

@misc{vaswani2017attention,
      title={Attention Is All You Need}, 
      author={Ashish Vaswani and Noam Shazeer and Niki Parmar and Jakob Uszkoreit and Llion Jones and Aidan N. Gomez and Lukasz Kaiser and Illia Polosukhin},
      year={2017},
      eprint={1706.03762},
      archivePrefix={arXiv},
      primaryClass={cs.CL}
}

@misc{devlin2019bert,
      title={BERT: Pre-training of Deep Bidirectional Transformers for Language Understanding}, 
      author={Jacob Devlin and Ming-Wei Chang and Kenton Lee and Kristina Toutanova},
      year={2019},
      eprint={1810.04805},
      archivePrefix={arXiv},
      primaryClass={cs.CL}
}

@misc{raffel2020exploring,
      title={Exploring the Limits of Transfer Learning with a Unified Text-to-Text Transformer}, 
      author={Colin Raffel and Noam Shazeer and Adam Roberts and Katherine Lee and Sharan Narang and Michael Matena and Yanqi Zhou and Wei Li and Peter J. Liu},
      year={2020},
      eprint={1910.10683},
      archivePrefix={arXiv},
      primaryClass={cs.LG}
}

@misc{brown2020language,
      title={Language Models are Few-Shot Learners}, 
      author={Tom B. Brown and Benjamin Mann and Nick Ryder and Melanie Subbiah and Jared Kaplan and Prafulla Dhariwal and Arvind Neelakantan and Pranav Shyam and Girish Sastry and Amanda Askell and Sandhini Agarwal and Ariel Herbert-Voss and Gretchen Krueger and Tom Henighan and Rewon Child and Aditya Ramesh and Daniel M. Ziegler and Jeffrey Wu and Clemens Winter and Christopher Hesse and Mark Chen and Eric Sigler and Mateusz Litwin and Scott Gray and Benjamin Chess and Jack Clark and Christopher Berner and Sam McCandlish and Alec Radford and Ilya Sutskever and Dario Amodei},
      year={2020},
      eprint={2005.14165},
      archivePrefix={arXiv},
      primaryClass={cs.CL}
}

@misc{he2015deep,
      title={Deep Residual Learning for Image Recognition}, 
      author={Kaiming He and Xiangyu Zhang and Shaoqing Ren and Jian Sun},
      year={2015},
      eprint={1512.03385},
      archivePrefix={arXiv},
      primaryClass={cs.CV}
}

@misc{oord2019representation,
      title={Representation Learning with Contrastive Predictive Coding}, 
      author={Aaron van den Oord and Yazhe Li and Oriol Vinyals},
      year={2019},
      eprint={1807.03748},
      archivePrefix={arXiv},
      primaryClass={cs.LG}
}

@inproceedings{inproceedings,
author = {Socher, Richard and Li, Fei-Fei},
year = {2010},
month = {06},
pages = {966-973},
title = {Connecting Modalities: Semi-supervised Segmentation and Annotation of Images Using Unaligned Text Corpora},
doi = {10.1109/CVPR.2010.5540112}
}

@misc{yao2018exploring,
      title={Exploring Visual Relationship for Image Captioning}, 
      author={Ting Yao and Yingwei Pan and Yehao Li and Tao Mei},
      year={2018},
      eprint={1809.07041},
      archivePrefix={arXiv},
      primaryClass={cs.CV}
}

@misc{ramesh2021zeroshot,
      title={Zero-Shot Text-to-Image Generation}, 
      author={Aditya Ramesh and Mikhail Pavlov and Gabriel Goh and Scott Gray and Chelsea Voss and Alec Radford and Mark Chen and Ilya Sutskever},
      year={2021},
      eprint={2102.12092},
      archivePrefix={arXiv},
      primaryClass={cs.CV}
}

@misc{li2022blip,
      title={BLIP: Bootstrapping Language-Image Pre-training for Unified Vision-Language Understanding and Generation}, 
      author={Junnan Li and Dongxu Li and Caiming Xiong and Steven Hoi},
      year={2022},
      eprint={2201.12086},
      archivePrefix={arXiv},
      primaryClass={cs.CV}
}